<record><leader>00000cas a22000007a 4500</leader><controlfield tag="001">28867403</controlfield><controlfield tag="008">930921d19411955njuwr ne      0    0eng d</controlfield><datafield ind1=" " ind2=" " tag="010"><subfield code="a">sn 93060962 </subfield></datafield><datafield ind1=" " ind2=" " tag="040"><subfield code="a">NJW</subfield><subfield code="b">eng</subfield><subfield code="c">NJW</subfield><subfield code="d">OCL</subfield><subfield code="d">OCLCQ</subfield></datafield><datafield ind1="0" ind2="4" tag="245"><subfield code="a">The Palmyra news and twin borough advertiser.</subfield></datafield><datafield ind1=" " ind2=" " tag="260"><subfield code="a">Palmyra, N.J. :</subfield><subfield code="b">Burlington County Pub. Co.</subfield></datafield><datafield ind1=" " ind2=" " tag="300"><subfield code="a">v.</subfield></datafield><datafield ind1=" " ind2=" " tag="310"><subfield code="a">Weekly</subfield></datafield><datafield ind1="0" ind2=" " tag="362"><subfield code="a">Vol. 56, no. 5 (Nov. 7, 1941)-v. 69, no. 16 (Jan. 28, 1955).</subfield></datafield><datafield ind1=" " ind2=" " tag="752"><subfield code="a">United States</subfield><subfield code="b">New Jersey</subfield><subfield code="c">Burlington</subfield><subfield code="d">Palmyra.</subfield></datafield><datafield ind1="0" ind2="4" tag="780"><subfield code="t">Palmyra news</subfield><subfield code="w">(DLC)sn 93060961</subfield><subfield code="w">(OCoLC)28860222</subfield></datafield><datafield ind1="0" ind2="4" tag="780"><subfield code="t">Twin-borough advertiser</subfield><subfield code="w">(DLC)sn 93060971</subfield><subfield code="w">(OCoLC)29229923</subfield></datafield><datafield ind1="0" ind2="0" tag="785"><subfield code="t">Palmyra news (Palmyra, N.J. : 1955)</subfield><subfield code="w">(DLC)sn 93060963</subfield></datafield></record>